@article{kressler01,
    author  = "Kressler, Andr\'e and Baldwin, Ian T.",
    title   = "Defensive {F}unction of {H}erbivore-{I}nduced {P}lant {V}olatile {E}missions in {N}ature",
    year    = "2001",
    journal = "Science",
    volume  = "291",
    pages   = "2141--2144",
    doi     = "10.1126/science.291.5511.2141"
}

@article{cleland67,
    author  = "Cleland, W.W.",
    title   = "The kinetics of enzyme-catalyzed reactions with two or more substrates or products: {I}. {N}omenclature and rate equations",
    year    = "1963",
    journal = "Biochimica et {B}iophysica {A}cta ({BBA}) - {S}pecialized {S}ection on {E}nzymological {S}ubjects",
    volume  = "67",
    pages   = "104--137",
    doi     = "10.1016/0926-6569(63)90211-6"
}

@article{turlings95,
    author  = "Ted C. J. Turlings and John H. Loughrin and Philip J. McCall and Ursula S. R. Röse and W. Joe Lewis and James H. Tumlinson",
    title   = "How caterpillar-damaged plants protect themselves by attracting parasitic wasps",
    year    = "1995",
    journal = "Proceedings of the {N}ational {A}cademy of {S}ciences of the {U}nited {S}tates of {A}merica",
    volume  = "92",
    number  = "10",
    pages   = "4169--4174",
}

@article{sallaud09,
    author  = "Christophe Sallaud and Denis Rontein and Sandrine Onillon and Françoise Jabès and Philippe Duffé and Cécile Giacalone and Samuel Thoraval and Camille Escoffier and Gaëtan Herbette and Nathalie Leonhardt and Mathilde Causse and Alain Tissier",
    title   = "A {N}ovel {P}athway for {S}esquiterpene {B}iosynthesis from {Z},{Z}-{F}arnesyl {P}yrophosphate in the {W}ild {T}omato {S}olanum habrochaites",
    year    = "2009",
    journal = "The {P}lant {C}ell",
    volume  = "21",
    number  = "1",
    pages   = "301--317",
    doi     = "​10.​1105/​tpc.​107.​057885"
}

@article{kirby09,
    author  = "James Kirby and Jay D. Keasling",
    title   = "Biosynthesis of {P}lant {I}soprenoids: {P}erspectives for {M}icrobial {E}ngineering",
    year    = "2009",
    journal = "Annual {R}eview of {P}lant {B}iology",
    volume  = "60",
    pages   = "335--355",
    doi     = "10.1146/annurev.arplant.043008.091955"
}

@article{harada09a,
    author  = "Hisashi Harada and Fengnian Yu and Sho Okamoto and Tomohisa Kuzuyama and Ryutaro Utsumi and Norihiko Misawa",
    title   = "Efficient synthesis of functional isoprenoids from acetoacetate through metabolic pathway-engineered \textit{{E}scherichia coli}",
    year    = "2009",
    journal = "Applied {M}icrobiology and {B}iotechnology",
    volume  = "81",
    number  = "5",
    pages   = "915--925",
    doi     = "10.1007/s00253-008-1724-7"
}

@article{harada09b,
    author  = "Hisashi Harada and Norihiko Misawa",
    title   = "Novel approaches and achievements in biosynthesis of functional isoprenoids in \textit{{E}scherichia coli}",
    year    = "2009",
    journal = "Applied {M}icrobiology and {B}iotechnology",
    volume  = "84",
    number  = "6",
    pages   = "1021--1031",
    doi     = "10.1007/s00253-009-2166-6"
}

@article{crocker80,
    author  = "Robert L. Crocker and W. H. Whitcomb",
    title   = "Feeding {N}iches of the {B}ig-{E}yed {B}ugs \textit{{G}eocoris bullatus}, \textit{{G}. punctipes}, and
\textit{{G}. uliginosus} ({H}emiptera: {L}ygaeidae: {G}eocorinae)",
    year    = "1980",
    journal = "Environmental {E}ntomology",
    volume  = "9",
    number  = "5",
    pages   = "508--513",
    doi     = "doi:10.1093/ee/9.5.508"
}

@article{engerberg-kulka04,
    author  = "Hanna Engelberg-Kulka and Boaz Sat and Myriam Reches and Shahar Amitai and Ronen Hazan",
    title   = "Bacterial programmed cell death systems as targets for antibiotics",
    year    = "2004",
    journal = "Trends in {M}icrobiology",
    volume  = "12",
    number  = "2",
    pages   = "66--71",
    doi     = "10.1016/j.tim.2003.12.008"
}

@book{alon06,
    author  = "Uri Alon",
    title   = "An {I}ntroduction to {S}ystems {B}iology. {D}esign {P}rinciples of {B}iological {C}ircuits",
    year    = "2006",
    publisher = "Chapman and Hall/CRC",
    edition = "1"
}

@article{takabayashi96,
    author  = "Junji Takabayashi and Marcel Dicke",
    title   = "Plant—carnivore mutualism through herbivore-induced carnivore attractants",
    year    = "1996",
    journal = "Trends in {P}lant {S}cience",
    volume  = "1",
    number  = "4",
    pages   = "109--113",
    doi     = "10.1016/S1360-1385(96)90004-7"
}

@book{taiz10,
    author  = "Lincoln Taiz and Eduardo Zeigner",
    title   = "Plant {P}hysiology",
    year    = "2010",
    publisher = "Sinauer {A}ssociates, {I}nc.",
    edition = "5"
}

@misc{chemwiki1,
  title = "{M}ichaelis-{M}enten {K}inetics and {B}riggs-{H}aldane {K}inetics",
  howpublished = "\url{http://web.archive.org/web/20080207010024/http://www.808multimedia.com/winnt/kernel.htm}",
  note = "Fecha de acceso: 2015-05-21"
}

@misc{igem,
  title = "Registry of {S}tandard {B}iological {P}arts. Help:{A}ssembly/3{A} {A}ssembly",
  howpublished = "\url{http://parts.igem.org/Help:Assembly/3A_Assembly}",
  note = "Fecha de acceso: 2015-05-21"
}

@misc{igemP,
  title = "Registry of {S}tandard {B}iological {P}arts",
  howpublished = "\url{http://parts.igem.org/Main_Page}",
  note = "Fecha de acceso: 2015-05-21"
}

@article{basu05,
    author  = "S. Basu and Y. Gerchman and C. H. Collins and F. H. Arnold and R. Weiss",
    title   = " A synthetic multicellular system for programmed pattern formation",
    year    = "2005",
    journal = "Nature",
    volume  = "434",
    number  = "7037",
    pages   = "1130--1134",
    doi     = "10.1038/nature03461"
}

@article{kalisky07,
    author  = "T. Kalisky and E. Dekel and U. Alon",
    title   = "Cost–benefit theory and optimal design of gene regulation functions",
    year    = "2007",
    journal = "Physical {B}iology",
    volume  = "4",
    number  = "4",
    pages   = "229--245",
    doi     = "10.1088/1478-3975/4/4/001"
}

@article{kelly09,
    author  = "J. R. Kelly and A. J. Rubin and J. H. Davis and C. M. Ajo-Franklin and J. Cumbers and M. J. Czar and D. Endy",
    title   = "Measuring the activity of {B}io{B}rick promoters using an in vivo reference standard",
    year    = "2009",
    journal = "Journal of {B}iological {E}ngineering",
    volume  = "3",
    number  = "1",
    pages   = "4",
    doi     = "10.1186/1754-1611-3-4​"
}

@article{lutz97,
    author  = "R. Lutz and H. Bujard",
    title   = "Independent and tight regulation of transcriptional units in \emph{{E}scherichia coli} via the {L}acR/O, the {T}et{R}/O and {A}ra{C}/{I}1-{I}2 regulatory elements",
    year    = "1997",
    journal = "Nucleic {A}cids {R}esearch",
    volume  = "25",
    number  = "6",
    pages   = "1203--1210"
}

@article{hobo99,
    author  = "T. Hobo and M. Asada and Y. Kowyama and T. Hattori",
    title = "{ACGT}-containing abscisic acid response element ({ABRE}) and coupling element 3 ({CE3}) are functionally equivalent",
    year    = "1999",
    journal = "{T}he {P}lant {J}ournal",
    volume  = "19",
    number  = "6",
    pages   = "679--689"
}

@article{kittleman07,
    author  = "W. Kittleman and C. J. Thibodeaux and Y. N. Liu and H. Zhang and H. W. Liu",
    title   = "Characterization and mechanistic studies of type {II} isopentenyl diphosphate: dimethylallyl diphosphate isomerase from {S}taphylococcus aureus",
    year    = "2007",
    journal = "Biochemistry",
    volume  = "46",
    number  = "28",
    pages   = "8401--8413"
}

@article{jones11,
    author  = "C. G. Jones and J. Moniodis and K. G. Zulak and A. Scaffidi and J. A. Plummer and E. L. Ghisalberti and J. Bohlmann",
    title   = "Sandalwood fragrance biosynthesis involves sesquiterpene synthases of both the terpene synthase ({TPS})-a and {TPS}-b subfamilies, including santalene synthases",
    year    = "2011",
    journal = "Journal of Biological Chemistry",
    volume  = "286",
    number  = "20",
    pages   = "17445--17454"
}

@article{owczarzy08,
    author  = "R. Owczarzy and A. V. Tataurov and Y. Wu and J. A. Manthey and K. A. McQuisten and H. G. Almabrazi and A. S. Peek",
    title   = "{DT} {S}ci{T}ools: a suite for analysis and design of nucleic acid oligomers",
    year    = "2008",
    journal = "Nucleic {A}cids {R}esearch",
    volume  = "36",
    number  = "20",
    pages   = "W163--W169"

}

@article{xie13,
    author  = "K. Xie and Y. Yang",
    title   = "{RNA}-{G}uided {G}enome {E}diting in {P}lants {U}sing a {CRISPR–C}as {S}ystem",
    year    = "2013",
    journal = "{M}olecular {P}lant",
    volume  = "6",
    number  = "6",
    pages   = "1975--1983"
}