@article{kressler01,
    author  = "Kressler, Andr\'e and Baldwin, Ian T.",
    title   = "Defensive {F}unction of {H}erbivore-{I}nduced {P}lant {V}olatile {E}missions in {N}ature",
    year    = "2001",
    journal = "Science",
    volume  = "291",
    pages   = "2141--2144",
    doi     = "10.1126/science.291.5511.2141"
}

@article{cleland67,
    author  = "Cleland, W.W.",
    title   = "The kinetics of enzyme-catalyzed reactions with two or more substrates or products: {I}. {N}omenclature and rate equations",
    year    = "1963",
    journal = "Biochimica et {B}iophysica {A}cta ({BBA}) - {S}pecialized {S}ection on {E}nzymological {S}ubjects",
    volume  = "67",
    pages   = "104--137",
    doi     = "10.1016/0926-6569(63)90211-6"
}

@article{turlings95,
    author  = "Ted C. J. Turlings and John H. Loughrin and Philip J. McCall and Ursula S. R. Röse and W. Joe Lewis and James H. Tumlinson",
    title   = "How caterpillar-damaged plants protect themselves by attracting parasitic wasps",
    year    = "1995",
    journal = "Proceedings of the {N}ational {A}cademy of {S}ciences of the {U}nited {S}tates of {A}merica",
    volume  = "92",
    number  = "10",
    pages   = "4169--4174",
}

@article{sallaud09,
    author  = "Christophe Sallaud and Denis Rontein and Sandrine Onillon and Françoise Jabès and Philippe Duffé and Cécile Giacalone and Samuel Thoraval and Camille Escoffier and Gaëtan Herbette and Nathalie Leonhardt and Mathilde Causse and Alain Tissier",
    title   = "A {N}ovel {P}athway for {S}esquiterpene {B}iosynthesis from {Z},{Z}-{F}arnesyl {P}yrophosphate in the {W}ild {T}omato {S}olanum habrochaites",
    year    = "2009",
    journal = "The {P}lant {C}ell",
    volume  = "21",
    number  = "1",
    pages   = "301--317",
    doi     = "​10.​1105/​tpc.​107.​057885"
}

@article{kirby09,
    author  = "James Kirby and Jay D. Keasling",
    title   = "Biosynthesis of {P}lant {I}soprenoids: {P}erspectives for {M}icrobial {E}ngineering",
    year    = "2009",
    journal = "Annual {R}eview of {P}lant {B}iology",
    volume  = "60",
    pages   = "335--355",
    doi     = "10.1146/annurev.arplant.043008.091955"
}

@article{harada09a,
    author  = "Hisashi Harada and Fengnian Yu and Sho Okamoto and Tomohisa Kuzuyama and Ryutaro Utsumi and Norihiko Misawa",
    title   = "Efficient synthesis of functional isoprenoids from acetoacetate through metabolic pathway-engineered \textit{{E}scherichia coli}",
    year    = "2009",
    journal = "Applied {M}icrobiology and {B}iotechnology",
    volume  = "81",
    number  = "5",
    pages   = "915--925",
    doi     = "10.1007/s00253-008-1724-7"
}

@article{harada09b,
    author  = "Hisashi Harada and Norihiko Misawa",
    title   = "Novel approaches and achievements in biosynthesis of functional isoprenoids in \textit{{E}scherichia coli}",
    year    = "2009",
    journal = "Applied {M}icrobiology and {B}iotechnology",
    volume  = "84",
    number  = "6",
    pages   = "1021--1031",
    doi     = "10.1007/s00253-009-2166-6"
}

@article{crocker80,
    author  = "Robert L. Crocker and W. H. Whitcomb",
    title   = "Feeding {N}iches of the {B}ig-{E}yed {B}ugs \textit{{G}eocoris bullatus}, \textit{{G}. punctipes}, and
\textit{{G}. uliginosus} ({H}emiptera: {L}ygaeidae: {G}eocorinae)",
    year    = "1980",
    journal = "Environmental {E}ntomology",
    volume  = "9",
    number  = "5",
    pages   = "508--513",
    doi     = "doi:10.1093/ee/9.5.508"
}

@article{engerberg-kulka04,
    author  = "Hanna Engelberg-Kulka and Boaz Sat and Myriam Reches and Shahar Amitai and Ronen Hazan",
    title   = "Bacterial programmed cell death systems as targets for antibiotics",
    year    = "2004",
    journal = "Trends in {M}icrobiology",
    volume  = "12",
    number  = "2",
    pages   = "66--71",
    doi     = "10.1016/j.tim.2003.12.008"
}

@book{alon06,
    author  = "Uri Alon",
    title   = "An {I}ntroduction to {S}ystems {B}iology. {D}esign {P}rinciples of {B}iological {C}ircuits",
    year    = "2006",
    publisher = "Chapman and Hall/CRC",
    edition = "1"
}

@article{takabayashi96,
    author  = "Junji Takabayashi and Marcel Dicke",
    title   = "Plant—carnivore mutualism through herbivore-induced carnivore attractants",
    year    = "1996",
    journal = "Trends in {P}lant {S}cience",
    volume  = "1",
    number  = "4",
    pages   = "109--113",
    doi     = "10.1016/S1360-1385(96)90004-7"
}

@book{taiz10,
    author  = "Lincoln Taiz and Eduardo Zeigner",
    title   = "Plant {P}hysiology",
    year    = "2010",
    publisher = "Sinauer {A}ssociates, {I}nc.",
    edition = "5"
}

@misc{chemwiki1,
  title = "{M}ichaelis-{M}enten {K}inetics and {B}riggs-{H}aldane {K}inetics",
  howpublished = "\url{http://web.archive.org/web/20080207010024/http://www.808multimedia.com/winnt/kernel.htm}",
  note = "Fecha de acceso: 2015-05-21"
}

@article{a,
    author  = "",
    title   = "",
    year    = "",
    journal = "",
    volume  = "",
    number  = "",
    pages   = "",
    doi     = ""
}

@article{a,
    author  = "",
    title   = "",
    year    = "",
    journal = "",
    volume  = "",
    number  = "",
    pages   = "",
    doi     = ""
}

@article{a,
    author  = "",
    title   = "",
    year    = "",
    journal = "",
    volume  = "",
    number  = "",
    pages   = "",
    doi     = ""
}

@article{a,
    author  = "",
    title   = "",
    year    = "",
    journal = "",
    volume  = "",
    number  = "",
    pages   = "",
    doi     = ""
}

@article{a,
    author  = "",
    title   = "",
    year    = "",
    journal = "",
    volume  = "",
    number  = "",
    pages   = "",
    doi     = ""
}

